[gd_scene load_steps=5 format=3 uid="uid://b5uemuv21dxgq"]

[ext_resource type="Script" path="res://addons/gx99_track_editing/track_editor_dock_2.gd" id="1_w5rhc"]
[ext_resource type="PackedScene" uid="uid://bwigrcouhi0ij" path="res://core/curve_editor.tscn" id="2_fstgu"]

[sub_resource type="StyleBoxFlat" id="StyleBoxFlat_ebxqu"]
bg_color = Color(0, 0, 0, 0.164706)

[sub_resource type="LabelSettings" id="LabelSettings_h0jni"]

[node name="TrackEditorDock2" type="Control"]
layout_mode = 3
anchors_preset = 15
anchor_right = 1.0
anchor_bottom = 1.0
grow_horizontal = 2
grow_vertical = 2
size_flags_horizontal = 3
size_flags_vertical = 3
script = ExtResource("1_w5rhc")

[node name="Control" type="Control" parent="."]
layout_mode = 1
anchors_preset = 9
anchor_bottom = 1.0
grow_vertical = 2

[node name="TabContainer" type="TabContainer" parent="Control"]
custom_minimum_size = Vector2(358.59, 0)
layout_mode = 1
anchors_preset = 9
anchor_bottom = 1.0
offset_left = 200.0
offset_right = 558.59
grow_vertical = 2
theme_override_styles/panel = SubResource("StyleBoxFlat_ebxqu")
current_tab = 2

[node name="Info" type="VBoxContainer" parent="Control/TabContainer"]
visible = false
layout_mode = 2
theme_override_constants/separation = 24
metadata/_tab_index = 0

[node name="SegmentLengthLabel" type="Label" parent="Control/TabContainer/Info"]
layout_mode = 2
text = "Segment Length
4032.34m"
label_settings = SubResource("LabelSettings_h0jni")

[node name="SegmentLengthLabel2" type="Label" parent="Control/TabContainer/Info"]
layout_mode = 2
text = "Standard Road"
label_settings = SubResource("LabelSettings_h0jni")

[node name="VBoxContainer" type="VBoxContainer" parent="Control/TabContainer/Info"]
layout_mode = 2

[node name="TrackCrossSectionLabel" type="Label" parent="Control/TabContainer/Info/VBoxContainer"]
layout_mode = 2
text = "Track Cross-section"
label_settings = SubResource("LabelSettings_h0jni")

[node name="TrackCrossSectionSlider" type="HSlider" parent="Control/TabContainer/Info/VBoxContainer"]
layout_mode = 2
max_value = 1.0
step = 0.0
tick_count = 5

[node name="ColorRect" type="ColorRect" parent="Control/TabContainer/Info/VBoxContainer"]
custom_minimum_size = Vector2(0, 315)
layout_mode = 2
color = Color(0, 0, 0, 0.294118)

[node name="SmoothCurve" type="Line2D" parent="Control/TabContainer/Info/VBoxContainer/ColorRect"]
position = Vector2(157.5, 157.5)
width = 2.0
default_color = Color(0.82, 0.877, 1, 1)
antialiased = true

[node name="PolyCurve" type="Line2D" parent="Control/TabContainer/Info/VBoxContainer/ColorRect"]
position = Vector2(157.5, 157.5)
width = 2.0
default_color = Color(0.87, 0.81519, 0.3219, 1)
antialiased = true

[node name="Modulation" type="ScrollContainer" parent="Control/TabContainer"]
visible = false
layout_mode = 2
metadata/_tab_index = 1

[node name="VBoxContainer" type="VBoxContainer" parent="Control/TabContainer/Modulation"]
visible = false
layout_mode = 2
size_flags_horizontal = 3
size_flags_vertical = 3
theme_override_constants/separation = 0

[node name="HBoxContainer" type="HBoxContainer" parent="Control/TabContainer/Modulation/VBoxContainer"]
layout_mode = 2

[node name="ModulationDropdown" type="OptionButton" parent="Control/TabContainer/Modulation/VBoxContainer/HBoxContainer"]
layout_mode = 2
size_flags_horizontal = 3

[node name="NewModulation" type="Button" parent="Control/TabContainer/Modulation/VBoxContainer/HBoxContainer"]
layout_mode = 2
text = "+ New"

[node name="Control" type="Control" parent="Control/TabContainer/Modulation/VBoxContainer"]
custom_minimum_size = Vector2(0, 161.28)
layout_mode = 2
mouse_filter = 2

[node name="ModCurveEffect" parent="Control/TabContainer/Modulation/VBoxContainer" instance=ExtResource("2_fstgu")]
custom_minimum_size = Vector2(0, 318)
layout_mode = 2

[node name="Control2" type="Control" parent="Control/TabContainer/Modulation/VBoxContainer"]
custom_minimum_size = Vector2(0, 161.28)
layout_mode = 2
mouse_filter = 2

[node name="ModCurveHeight" parent="Control/TabContainer/Modulation/VBoxContainer" instance=ExtResource("2_fstgu")]
custom_minimum_size = Vector2(0, 318)
layout_mode = 2

[node name="Embeds" type="ScrollContainer" parent="Control/TabContainer"]
layout_mode = 2
metadata/_tab_index = 2

[node name="VBoxContainer" type="VBoxContainer" parent="Control/TabContainer/Embeds"]
layout_mode = 2
size_flags_horizontal = 3
size_flags_vertical = 3

[node name="HBoxContainer" type="HBoxContainer" parent="Control/TabContainer/Embeds/VBoxContainer"]
layout_mode = 2

[node name="EmbedDropdown" type="OptionButton" parent="Control/TabContainer/Embeds/VBoxContainer/HBoxContainer"]
layout_mode = 2
size_flags_horizontal = 3

[node name="NewEmbed" type="Button" parent="Control/TabContainer/Embeds/VBoxContainer/HBoxContainer"]
layout_mode = 2
text = "+ New"

[node name="Label" type="Label" parent="Control/TabContainer/Embeds/VBoxContainer"]
layout_mode = 2
text = "Embed Type"

[node name="EmbedType" type="OptionButton" parent="Control/TabContainer/Embeds/VBoxContainer"]
layout_mode = 2
size_flags_horizontal = 3
item_count = 4
popup/item_0/text = "Energy Recharge"
popup/item_1/text = "Dirt"
popup/item_1/id = 1
popup/item_2/text = "Ice"
popup/item_2/id = 2
popup/item_3/text = "Lava"
popup/item_3/id = 3

[node name="Label3" type="Label" parent="Control/TabContainer/Embeds/VBoxContainer"]
layout_mode = 2
text = "Start Position"

[node name="EmbedStart" type="HSlider" parent="Control/TabContainer/Embeds/VBoxContainer"]
layout_mode = 2

[node name="Label2" type="Label" parent="Control/TabContainer/Embeds/VBoxContainer"]
layout_mode = 2
text = "End Position"

[node name="EmbedEnd" type="HSlider" parent="Control/TabContainer/Embeds/VBoxContainer"]
layout_mode = 2

[node name="Control" type="Control" parent="Control/TabContainer/Embeds/VBoxContainer"]
custom_minimum_size = Vector2(0, 158.16)
layout_mode = 2
mouse_filter = 2

[node name="EmbedCurveLeft" parent="Control/TabContainer/Embeds/VBoxContainer" instance=ExtResource("2_fstgu")]
custom_minimum_size = Vector2(0, 315)
layout_mode = 2

[node name="Control2" type="Control" parent="Control/TabContainer/Embeds/VBoxContainer"]
custom_minimum_size = Vector2(0, 158.16)
layout_mode = 2
mouse_filter = 2

[node name="EmbedCurveRight" parent="Control/TabContainer/Embeds/VBoxContainer" instance=ExtResource("2_fstgu")]
custom_minimum_size = Vector2(0, 315)
layout_mode = 2

[node name="VBoxContainer" type="VBoxContainer" parent="Control"]
layout_mode = 0
offset_top = 1.0
offset_right = 194.0
offset_bottom = 647.0

[node name="DrawMesh" type="CheckBox" parent="Control/VBoxContainer"]
layout_mode = 2
text = "Draw Mesh"

[node name="DrawCurve" type="CheckBox" parent="Control/VBoxContainer"]
layout_mode = 2
text = "Draw Curve"

[node name="DrawHandles" type="CheckBox" parent="Control/VBoxContainer"]
layout_mode = 2
text = "Draw Handles"

[node name="DataEditor" type="Control" parent="Control/VBoxContainer"]
layout_mode = 2
size_flags_vertical = 3

[node name="BezierSegmentData" type="Control" parent="Control/VBoxContainer/DataEditor"]
layout_mode = 1
anchors_preset = 15
anchor_right = 1.0
anchor_bottom = 1.0
grow_horizontal = 2
grow_vertical = 2
size_flags_vertical = 3

[node name="LineSegmentData" type="Control" parent="Control/VBoxContainer/DataEditor"]
layout_mode = 1
anchors_preset = 15
anchor_right = 1.0
anchor_bottom = 1.0
grow_horizontal = 2
grow_vertical = 2
size_flags_vertical = 3
